<record><leader>00000cas a2200000 a 4500</leader><controlfield tag="001">27058869</controlfield><controlfield tag="008">921203d18uu1938moudr ne      0    0eng c</controlfield><datafield ind1=" " ind2=" " tag="010"><subfield code="a">sn 92058957 </subfield></datafield><datafield ind1=" " ind2=" " tag="040"><subfield code="a">MQN</subfield><subfield code="b">eng</subfield><subfield code="c">MQN</subfield><subfield code="d">NVF</subfield><subfield code="d">OCL</subfield><subfield code="d">OCLCQ</subfield><subfield code="d">OCLCO</subfield><subfield code="d">OCLCA</subfield></datafield><datafield ind1=" " ind2=" " tag="042"><subfield code="a">pcc</subfield></datafield><datafield ind1=" " ind2=" " tag="043"><subfield code="a">n-usc--</subfield><subfield code="a">n-us-mo</subfield></datafield><datafield ind1="0" ind2="0" tag="245"><subfield code="a">Stock Yards daily journal.</subfield></datafield><datafield ind1=" " ind2=" " tag="260"><subfield code="a">St. Joseph, Mo. :</subfield><subfield code="b">St. Joseph Journal Pub. Co.</subfield></datafield><datafield ind1=" " ind2=" " tag="300"><subfield code="a">v.</subfield></datafield><datafield ind1=" " ind2=" " tag="310"><subfield code="a">Daily (except Sunday),</subfield><subfield code="b">&lt;July 1, 1919&gt;-1938</subfield></datafield><datafield ind1=" " ind2=" " tag="321"><subfield code="a">Daily,</subfield><subfield code="b">&lt;Dec. 29, 1904-June 30, 1919&gt;</subfield></datafield><datafield ind1="1" ind2=" " tag="362"><subfield code="a">Ceased in 1938.</subfield></datafield><datafield ind1=" " ind2=" " tag="580"><subfield code="a">Official paper of the St. Joseph Live Stock Exchange.</subfield></datafield><datafield ind1=" " ind2=" " tag="588"><subfield code="a">Description based on: Vol. 8, no. 98 (Dec. 29, 1904).</subfield></datafield><datafield ind1="2" ind2="0" tag="610"><subfield code="a">St. Joseph Live Stock Exchange</subfield><subfield code="v">Newspapers.</subfield></datafield><datafield ind1=" " ind2="0" tag="650"><subfield code="a">Agriculture</subfield><subfield code="z">Middle West</subfield><subfield code="v">Newspapers.</subfield></datafield><datafield ind1=" " ind2="0" tag="650"><subfield code="a">Livestock</subfield><subfield code="z">Missouri</subfield><subfield code="v">Newspapers.</subfield></datafield><datafield ind1=" " ind2="0" tag="651"><subfield code="a">Saint Joseph (Mo.)</subfield><subfield code="v">Newspapers.</subfield></datafield><datafield ind1="2" ind2=" " tag="710"><subfield code="a">St. Joseph Live Stock Exchange.</subfield></datafield><datafield ind1=" " ind2=" " tag="752"><subfield code="a">United States</subfield><subfield code="b">Missouri</subfield><subfield code="c">Buchanan</subfield><subfield code="d">Saint Joseph.</subfield></datafield><datafield ind1="0" ind2="0" tag="785"><subfield code="t">Stock Yards journal</subfield><subfield code="w">(DLC)sn 92058954</subfield></datafield></record>